%% This BibTeX bibliography file was created using BibDesk.
%% http://bibdesk.sourceforge.net/

%% Created for AJ Smit at 2017-03-24 20:46:01 +0200

%% Saved with string encoding Unicode (UTF-8)

@article{Stegenga1997,
	Author = {Stegenga, Herre and Bolton, John J and Anderson, Robert J},
	Journal = {Contributions of the Bolus Herbarium},
	Pages = {3--637},
	Title = {{Seaweeds of the South African west coast}},
	Volume = {18},
	Year = {1997}}

@article{DeClerck2005,
	Author = {De Clerck, Olivier and Bolton, John J and Anderson, Robert J and Coppejans, Eric},
	Journal = {Scripta Botanica Belgica},
	Pages = {294 pp.},
	Publisher = {JSTOR},
	Title = {{Guide to the seaweeds of KwaZulu-Natal}},
	Volume = {33},
	Year = {2005}}

@article{Bolton2002,
	Author = {Bolton, J J and Stegenga, H},
	Journal = {South African Journal of Marine Science},
	Number = {1},
	Pages = {9--18},
	Publisher = {Taylor \& Francis Group},
	Title = {{Seaweed species diversity in South Africa}},
	Volume = {24},
	Year = {2002}}

@article{Bolton1986,
	Author = {Bolton, J J},
	Journal = {Botanica Marina},
	Number = {3},
	Pages = {251--256},
	Title = {{Marine phytogeography of the Benguela upwelling region on the west coast of southern Africa: A temperature dependent approach}},
	Volume = {29},
	Year = {1986}}

@article{Smit2013,
	Author = {Smit, Albertus J and Roberts, Michael and Anderson, Robert J and Dufois, Fran\c{c}ois and Dudley, Sheldon F J and Bornman, Thomas G and Olbers, Jennifer and Bolton, John J},
	Journal = {PLOS ONE},
	Number = {12},
	Pages = {e81944},
	Title = {{A coastal seawater temperature dataset for biogeographical studies: large biases between \emph{in situ} and remotely-sensed data sets around the coast of South Africa}},
	Volume = {8},
	Year = {2013}}

@article{Baselga2010,
	Author = {Baselga, Andr\'{e}s},
	Journal = {Global Ecology and Biogeography},
	Number = {1},
	Pages = {134--143},
	Title = {{Partitioning the turnover and nestedness components of beta diversity}},
	Volume = {19},
	Year = {2010}}

@article{Anderson2013,
	Author = {Anderson, Marti J and Tolimieri, Nick and Millar, Russell B},
	Journal = {PLOS ONE},
	Number = {3},
	Pages = {e57918},
	Title = {{Beta diversity of demersal fish assemblages in the North-Eastern Pacific: interactions of latitude and depth}},
	Volume = {8},
	Year = {2013}}

@article{Anderson2011,
	Author = {Anderson, Marti J and Crist, Thomas O and Chase, Jonathan M and Vellend, Mark and Inouye, Brian D and Freestone, Amy L and Sanders, Nathan J and Cornell, Howard V and Comita, Liza S and Davies, Kendi F and Harrison, Susan P and Kraft, Nathan J B and Stegen, James C and Swenson, Nathan G},
	Journal = {Ecology Letters},
	Number = {1},
	Pages = {19--28},
	Title = {{Navigating the multiple meanings of $\beta$ diversity: a roadmap for the practicing ecologist}},
	Volume = {14},
	Year = {2011}}

@article{Whittaker1967,
	Author = {Whittaker, R H},
	Journal = {Biological Reviews},
	Number = {2},
	Pages = {207--264},
	Title = {{Gradient analysis of vegetation}},
	Volume = {42},
	Year = {1967}}

@article{Nekola1999,
	Author = {Nekola, Jeffrey C and White, Peter S and Carolina, North and Nekola, C and Curriculum, Peter S White},
	Journal = {Journal of Biogeography},
	Number = {4},
	Pages = {867--878},
	Title = {{The distance decay of similarity in biogeography and ecology}},
	Volume = {26},
	Year = {1999}}

@article{Graham2003,
	Author = {Graham, Michael H},
	Journal = {Ecology},
	Number = {11},
	Pages = {2809--2815},
	Title = {{Confronting multicollinearity in ecological multiple regression}},
	Volume = {84},
	Year = {2003}}

@article{Minchin1987,
	Author = {Minchin, Peter R.},
	Doi = {10.1007/BF00038690},
	Journal = {Vegetatio},
	Number = {1-3},
	Pages = {89--107},
	Title = {{An evaluation of the relative robustness of techniques for ecological ordination}},
	Volume = {69},
	Year = {1987}}

@manual{oksanen2016vegan,
	Author = {Jari Oksanen and F. Guillaume Blanchet and Michael Friendly and Roeland Kindt and Pierre Legendre and Dan McGlinn and Peter R. Minchin and R. B. O'Hara and Gavin L. Simpson and Peter Solymos and M. Henry H. Stevens and Eduard Szoecs and Helene Wagner},
	Note = {R package version 2.4-0},
	Title = {{vegan: Community Ecology Package}},
	Url = {https://CRAN.R-project.org/package=vegan},
	Year = {2016}}

@article{Cisneros2011,
	Author = {Cisneros, Kelly Ortega and Smit, Albertus J and Laudien, J\"{u}rgen and Schoeman, David S},
	Journal = {PLOS ONE},
	Number = {8},
	Pages = {e23724},
	Title = {{Complex, dynamic combination of physical, chemical and nutritional variables controls spatio-temporal variation of sandy beach community structure}},
	Volume = {6},
	Year = {2011}}

@manual{R2017,
	Address = {Vienna, Austria},
	Author = {{R Core Team}},
	Organization = {R Foundation for Statistical Computing},
	Title = {{R: A Language and Environment for Statistical Computing}},
	Url = {https://www.R-project.org/},
	Year = {2017}}

@article{Csardi2006,
	Author = {Gabor Csardi and Tamas Nepusz},
	Journal = {InterJournal},
	Pages = {1695},
	Title = {The igraph software package for complex network research},
	Url = {http://igraph.org},
	Volume = {Complex Systems},
	Year = {2006}}

@article{Wood2011,
	Author = {S. N. Wood},
	Journal = {Journal of the Royal Statistical Society (B)},
	Number = {1},
	Pages = {3--36},
	Title = {Fast stable restricted maximum likelihood and marginal likelihood estimation of semiparametric generalized linear models},
	Volume = {73},
	Year = {2011}}

@manual{Baselga2013,
	Author = {Andres Baselga and David Orme and Sebastien Villeger and Julien De Bortoli and Fabien Leprieur},
	Note = {R package version 1.3},
	Title = {{betapart: Partitioning beta diversity into turnover and nestedness components}},
	Url = {http://CRAN.R-project.org/package=betapart},
	Year = {2013}}

@book{Sauer1988,
	Author = {Sauer, Jonathan D},
	Pages = {298 pp.},
	Publisher = {University of California Press},
	Title = {Plant migration: the dynamics of geographic patterning in seed plant species},
	Year = {1988}}

@book{luning1990seaweeds,
	Author = {L{\"u}ning, Klaus and Yarish, Charles and Kirkman, Hugh},
	Pages = {544 pp.},
	Publisher = {John Wiley \& Sons},
	Title = {Seaweeds: their environment, biogeography, and ecophysiology},
	Year = {1990}}

@article{Dormann2013,
	Author = {Dormann, Carsten F. and Elith, Jane and Bacher, Sven and Buchmann, Carsten and Carl, Gudrun and Carr\'{e}, Gabriel and Marqu\'{e}z, Jaime R Garc\'{\i}a and Gruber, Bernd and Lafourcade, Bruno and Leit\~{a}o, Pedro J. and M\"{u}nkem\"{u}ller, Tamara and Mcclean, Colin and Osborne, Patrick E. and Reineking, Bj\"{o}rn and Schr\"{o}der, Boris and Skidmore, Andrew K. and Zurell, Damaris and Lautenbach, Sven},
	Journal = {Ecography},
	Number = {1},
	Pages = {027--046},
	Title = {{Collinearity: a review of methods to deal with it and a simulation study evaluating their performance}},
	Volume = {36},
	Year = {2013}}

@article{Chave2013,
	Author = {Chave, J\'{e}r\^{o}me},
	Journal = {Ecology Letters},
	Pages = {4--16},
	Title = {{The problem of pattern and scale in ecology: what have we learned in 20 years?}},
	Volume = {16 Suppl 1},
	Year = {2013}}

@incollection{Bolton2004,
	Author = {Bolton, John J and Anderson, R J},
	Booktitle = {Vegetation of Southern Africa},
	Editor = {Cowling, R M and Richardson, D M and Pierce, S M},
	Pages = {348--370},
	Publisher = {Cambridge University Press},
	Title = {{Marine Vegetation}},
	Year = {2004}}

@article{BoltonAnderson2004,
	Author = {Bolton, J J and Leliaert, F and {De Clerck}, O and Anderson, R J and Stegenga, H and Engledow, H E and Coppejans, E},
	Journal = {Marine Biology},
	Number = {1},
	Pages = {51--59},
	Title = {{Where is the western limit of the tropical Indian Ocean seaweed flora? An analysis of intertidal seaweed biogeography on the east coast of South Africa}},
	Volume = {144},
	Year = {2004}}

@book{Briggs1995,
	Author = {Briggs, John C},
	Publisher = {Elsevier},
	Title = {Global biogeography},
	Volume = {14},
	Year = {1995}}

@article{Briggs2012,
	Author = {Briggs, John C and Bowen, Brian W},
	Journal = {Journal of Biogeography},
	Number = {1},
	Pages = {12--30},
	Publisher = {Wiley Online Library},
	Title = {A realignment of marine biogeographic provinces with particular reference to fish distributions},
	Volume = {39},
	Year = {2012}}

@article{Whittaker1960,
	Author = {Whittaker, Robert Harding},
	Journal = {Ecological Monographs},
	Number = {3},
	Pages = {279--338},
	Publisher = {Eco Soc America},
	Title = {{Vegetation of the Siskiyou mountains, Oregon and California}},
	Volume = {30},
	Year = {1960}}

@article{Whittaker1972,
	Author = {Whittaker, Robert H},
	Journal = {Taxon},
	Pages = {213--251},
	Publisher = {JSTOR},
	Title = {Evolution and measurement of species diversity},
	Year = {1972}}

@article{Barton2013,
	Author = {Barton, Philip S and Cunningham, Saul A and Manning, Adrian D and Gibb, Heloise and Lindenmayer, David B and Didham, Raphael K},
	Journal = {Global Ecology and Biogeography},
	Number = {5/6},
	Pages = {639--647},
	Title = {{The spatial scaling of beta diversity}},
	Volume = {22},
	Year = {2013}}

@article{Fitzpatrick2013,
	Author = {Fitzpatrick, Matthew C and Sanders, Nathan J and Normand, Signe and Svenning, Jens-Christian and Ferrier, Simon and Gove, Aaron D and Dunn, Robert R},
	Journal = {Proceedings of the Royal Society B: Biological Sciences},
	Number = {1768},
	Pages = {20131201},
	Title = {{Environmental and historical imprints on beta diversity: insights from variation in rates of species turnover along gradients.}},
	Volume = {280},
	Year = {2013}}

@article{Davidar2007,
	Author = {Davidar, Priya and Rajagopal, B and Mohandass, D and Puyravaud, Jean-Philippe and Condit, Richard and Wright, SJ and Leigh, EG},
	Journal = {Global Ecology and Biogeography},
	Number = {4},
	Pages = {510--518},
	Publisher = {Wiley Online Library},
	Title = {The effect of climatic gradients, topographic variation and species traits on the beta diversity of rain forest trees},
	Volume = {16},
	Year = {2007}}

@article{Spalding2007,
	Author = {Spalding, Mark D and Fox, Helen E and Allen, Gerald R and Davidson, Nick and Ferda\~{n}a, Zach A and Finlayson, M A X and Halpern, Benjamin S and Jorge, Miguel A and Lombana, A L and Lourie, Sara A},
	Journal = {BioScience},
	Number = {7},
	Pages = {573--583},
	Title = {{Marine ecoregions of the world: a bioregionalization of coastal and shelf areas}},
	Volume = {57},
	Year = {2007}}

@article{Qian2007,
	Author = {Qian, Hong and Ricklefs, Robert E.},
	Journal = {Ecology Letters},
	Number = {8},
	Pages = {737--744},
	Title = {{A latitudinal gradient in large-scale beta diversity for vascular plants in North America}},
	Volume = {10},
	Year = {2007}}

@article{VandenHoek1982a,
	Author = {van~den~Hoek, C.},
	Journal = {Helgol\"{a}nder Meeresuntersuchungen},
	Number = {2},
	Pages = {153--214},
	Title = {{Phytogeographic distribution groups of benthic marine algae in the North Atlantic Ocean. A review of experimental evidence from life history studies}},
	Volume = {35},
	Year = {1982}}

@article{Breeman1988,
	Author = {Breeman, A M},
	Journal = {Helgol\"{a}nder Meeresuntersuchungen},
	Number = {2},
	Pages = {199--241},
	Title = {{Relative importance of temperature and other factors in determining geographic boundaries of seaweeds: experimental and phenological evidence}},
	Volume = {42},
	Year = {1988}}

@article{Blanchette2008,
	Author = {Blanchette, Carol A and {Melissa Miner}, C and Raimondi, Peter T and Lohse, David and Heady, Kristen E K and Broitman, Bernardo R},
	Journal = {Journal of Biogeography},
	Number = {9},
	Pages = {1593--1607},
	Title = {{Biogeographical patterns of rocky intertidal communities along the Pacific coast of North America}},
	Volume = {35},
	Year = {2008}}

@article{Broitman2008,
	Author = {Broitman, B R and Blanchette, C A and Menge, B A and Lubchenco, J and Krenz, C and Foley, M and Raimondi, P T and Lohse, D and Gaines, S D},
	Journal = {Ecological Monographs},
	Number = {3},
	Pages = {403--421},
	Title = {{Spatial and temporal patterns of invertebrate recruitment along the west coast of the United States}},
	Volume = {78},
	Year = {2008}}

@article{Byrne2009,
	Author = {Byrne, Maria and Ho, Melanie and Selvakumaraswamy, Paulina and Nguyen, Hong D and Dworjanyn, Symon A and Davis, Andy R},
	Journal = {Proceedings of the Royal Society B: Biological Sciences},
	Number = {1663},
	Pages = {1883--1888},
	Title = {{Temperature, but not pH, compromises sea urchin fertilization and early development under near-future climate change scenarios}},
	Volume = {276},
	Year = {2009}}

@article{Verbruggen2009,
	Author = {Verbruggen, Heroen and Tyberghein, Lennert and Pauly, Klaas and Vlaeminck, Caroline and Nieuwenhuyze, Katrien Van and Kooistra, Wiebe H C F and Leliaert, Frederik and Clerck, Olivier De},
	Journal = {Global Ecology and Biogeography},
	Number = {4},
	Pages = {393--405},
	Title = {{Macroecology meets macroevolution: evolutionary niche dynamics in the seaweed Halimeda}},
	Volume = {18},
	Year = {2009}}

@article{Wieters2009,
	Author = {Wieters, E A and Broitman, B R and Branch, G M},
	Journal = {Limnology and Oceanography},
	Pages = {1060--1072},
	Title = {{Benthic community structure and spatiotemporal thermal regimes in two upwelling ecosystems: comparisons between South Africa and Chile}},
	Volume = {54},
	Year = {2009}}

@article{Couce2012,
	Author = {Couce, Elena and Ridgwell, Andy and Hendy, Erica J},
	Journal = {Journal of Biogeography},
	Number = {8},
	Pages = {1508--1523},
	Title = {{Environmental controls on the global distribution of shallow-water coral reefs}},
	Volume = {39},
	Year = {2012}}

@article{Potts2014,
	Author = {Potts, Warren M. and Henriques, Romina and Santos, Carmen V. and Munnik, Kate and Ansorge, Isabelle and Dufois, Francois and Booth, Anthony J. and Kirchner, Carola and Sauer, Warwick H H and Shaw, Paul W.},
	Journal = {Global Change Biology},
	Number = {9},
	Pages = {2765--2777},
	Title = {{Ocean warming, a rapid distributional shift, and the hybridization of a coastal fish species}},
	Volume = {20},
	Year = {2014}}

@article{Tittensor2010,
	Author = {Tittensor, Derek P and Mora, Camilo and Jetz, Walter and Lotze, Heike K and Ricard, Daniel and Berghe, Edward Vanden and Worm, Boris},
	Journal = {Nature},
	Number = {7310},
	Pages = {1098--1101},
	Title = {{Global patterns and predictors of marine biodiversity across taxa}},
	Volume = {466},
	Year = {2010}}

@article{Spalding2012,
	Author = {Spalding, Mark D and Agostini, Vera N and Rice, Jake and Grant, Susie M},
	Journal = {Ocean and Coastal Management},
	Pages = {19--30},
	Title = {{Pelagic provinces of the world: a biogeographic classification of the world's surface pelagic waters}},
	Volume = {60},
	Year = {2012}}

@article{Tyberghein2012,
	Author = {Tyberghein, Lennert and Verbruggen, Heroen and Pauly, Klaas and Troupin, Charles and Mineur, Frederic and {De Clerck}, Olivier},
	Journal = {Global Ecology and Biogeography},
	Number = {2},
	Pages = {272--281},
	Title = {{Bio-ORACLE: a global environmental dataset for marine species distribution modelling}},
	Volume = {21},
	Year = {2012}}

@article{VandenHoek1982,
	Author = {van~den~Hoek, C},
	Journal = {Biological Journal of the Linnean Society},
	Number = {2},
	Pages = {81--144},
	Title = {{The distribution of benthic marine algae in relation to the temperature regulation of their life histories}},
	Volume = {18},
	Year = {1982}}

@article{Stephenson1948,
	Author = {Stephenson, Thomas Alan},
	Journal = {Annals of the Natal Museum},
	Number = {2},
	Pages = {207--324},
	Title = {{The constitution of the intertidal fauna and flora of South Africa, Part 3}},
	Volume = {11},
	Year = {1948}}

@techreport{Lombard2004,
	Author = {Lombard, Amanda T and Strauss, Taniia and Harris, Jean and Sink, Kerry and Attwood, Colin and Hutchings, Larry},
	Booktitle = {SANBI},
	Pages = {1--96},
	institution = {South African National Biodiversity Institute},
	Title = {{South African National Spatial Biodiversity Assessment 2004}},
	Year = {2004}}

@article{Bolton1994,
	Author = {Bolton, JJ},
	Journal = {Botanica Marina},
	Number = {3},
	Pages = {241--246},
	Title = {Global seaweed diversity: patterns and anomalies},
	Volume = {37},
	Year = {1994}}

@article{Griffiths2010,
	Author = {Griffiths, Charles L and Robinson, Tamara B and Lange, Louise and Mead, Angela},
	Journal = {PLOS ONE},
	Number = {8},
	Pages = {e12008},
	Title = {{Marine biodiversity in South Africa: an evaluation of current states of knowledge}},
	Volume = {5},
	Year = {2010}}

@article{Melo2009,
	Author = {Melo, Adriano S and Rangel, Thiago Fernando L V B and Diniz-Filho, Jos\'{e} Alexandre F},
	Journal = {Ecography},
	Number = {2},
	Pages = {226--236},
	Title = {{Environmental drivers of beta-diversity patterns in New-World birds and mammals}},
	Volume = {32},
	Year = {2009}}

@article{Tonial2012,
	Author = {Tonial, M.L.S and Silva, H.L.R. and Tonial, I.J. and Costa, M.C. and {Silva J\'{u}nior}, N. J. and Diniz-Filho, J.A.F.},
	Journal = {Brazilian Journal of Biology},
	Number = {3},
	Pages = {497--504},
	Title = {{Geographical patterns and partition of turnover and richness components of beta-diversity in faunas from Tocantins river valley}},
	Volume = {72},
	Year = {2012}}

@article{Bolton1996,
	Author = {Bolton, John J.},
	Journal = {Hydrobiologia},
	Number = {1},
	Pages = {173--178},
	Title = {{Patterns of species diversity and endemism in comparable temperate brown algal floras}},
	Volume = {326-327},
	Year = {1996}}

@article{Hommersand1986,
	Author = {Hommersand, MH},
	Journal = {Botanica Marina},
	Number = {3},
	Pages = {257--270},
	Title = {{The biogeography of the South African marine red algae: A model}},
	Volume = {29},
	Year = {1986}}

@article{Hommersand2003,
	Author = {Hommersand, Max H and Fredericq, Suzanne},
	Journal = {Proceedings of the International Seaweed Symposium},
	Pages = {325--336},
	Title = {{Biogeography of the marine red algae of the South African West Coast: a molecular approach}},
	Volume = {17},
	Year = {2003}}

@article{Sink2005,
	Author = {Sink, K J and Branch, G M and Harris, J M},
	Journal = {African Journal of Marine Science},
	Number = {1},
	Pages = {81--96},
	Title = {{Biogeographic patterns in rocky intertidal communities in KwaZulu-Natal, South Africa}},
	Volume = {27},
	Year = {2005}}

@article{Largier1992,
	Author = {Largier, J L and Chapman, P and Peterson, W T and Swart, V P},
	Journal = {South African Journal of Marine Science},
	Number = {1},
	Pages = {319--339},
	Title = {{The western Agulhas Bank: circulation, stratification and ecology}},
	Volume = {12},
	Year = {1992}}

@article{Mead2013,
	Author = {Mead, A. and Griffiths, C. L. and Branch, G. M. and McQuaid, C. D. and Blamey, L. K. and Bolton, J. J. and Anderson, R. J. and Dufois, F. and Rouault, M. and Whitfield, A. K. and Harris, L. R. and Nel, R. and Adams, J. B.},
	Journal = {African Journal of Marine Science},
	Number = {3},
	Pages = {403--425},
	Title = {{Human-mediated drivers of change -- impacts on coastal ecosystems and marine biota of South Africa}},
	Volume = {35},
	Year = {2013}}

@article{Leaper2011,
	Author = {Leaper, R. and Hill, N. A. and Edgar, G. J. and Ellis, N. and Lawrence, E. and Pitcher, C. R. and Barrett, N. S. and Thomson, R.},
	Journal = {Ecosphere},
	Number = {7},
	Pages = {1--18},
	Title = {{Predictions of beta diversity for reef macroalgae across southeastern Australia}},
	Volume = {2},
	Year = {2011}}

@article{Seabra2015,
	Author = {Seabra, Rui and Wethey, David S and Santos, Ant{\'o}nio M and Lima, Fernando P},
	Journal = {Scientific reports},
	Publisher = {Nature Publishing Group},
	Title = {Understanding complex biogeographic responses to climate change},
	Volume = {5},
	Year = {2015}}

@article{Helmuth2010,
	Author = {Helmuth, Brian and Broitman, Bernardo R and Yamane, Lauren and Gilman, Sarah E and Mach, Katharine and Mislan, KAS and Denny, Mark W},
	Journal = {The Journal of experimental biology},
	Number = {6},
	Pages = {995--1003},
	Publisher = {The Company of Biologists Ltd},
	Title = {Organismal climatology: analyzing environmental variability at scales relevant to physiological stress},
	Volume = {213},
	Year = {2010}}

@article{Helmuth2006,
	Author = {Helmuth, Brian and Mieszkowska, Nova and Moore, Pippa and Hawkins, Stephen J},
	Journal = {Annual Review of Ecology, Evolution, and Systematics},
	Pages = {373--404},
	Publisher = {JSTOR},
	Title = {Living on the edge of two changing worlds: forecasting the responses of rocky intertidal ecosystems to climate change},
	Year = {2006}}

@article{Helmuth2014,
	Author = {Helmuth, Brian and Russell, Bayden D and Connell, Sean D and Dong, Yunwei and Harley, Christopher DG and Lima, Fernando P and Sar{\'a}, Gianluca and Williams, Gray A and Mieszkowska, Nova},
	Journal = {Climate Change Responses},
	Number = {1},
	Pages = {1},
	Publisher = {BioMed Central},
	Title = {Beyond long-term averages: making biological sense of a rapidly changing world},
	Volume = {1},
	Year = {2014}}

@article{Vasseur2014,
	Author = {Vasseur, David A and DeLong, John P and Gilbert, Benjamin and Greig, Hamish S and Harley, Christopher DG and McCann, Kevin S and Savage, Van and Tunney, Tyler D and O'Connor, Mary I},
	Journal = {Proceedings of the Royal Society of London B: Biological Sciences},
	Number = {1779},
	Pages = {20132612},
	Publisher = {The Royal Society},
	Title = {Increased temperature variation poses a greater risk to species than climate warming},
	Volume = {281},
	Year = {2014}}

@article{Dray2012a,
	Author = {Dray, S and P{\'e}lissier, R and Couteron, P and Fortin, M J and Legendre, P and Peres-Neto, P R and Bellier, E and Bivand, R and Blanchet, F G and De C{\'a}ceres, M and Dufour, a B and Heegaard, E and Jombart, T and Munoz, F and Oksanen, J and Thioulouse, J and Wagner, H H},
	Journal = {Ecological Monographs},
	Number = {3},
	Pages = {257--275},
	Title = {{Community ecology in the age of multivariate multiscale spatial analysis}},
	Volume = {82},
	Year = {2012}}

@article{Hubbell2001,
	Author = {Hubbell, Stephen P},
	Journal = {Monographs in Population Biology},
	Title = {{The unified neutral theory of biodiversity and biogeography}},
	Year = {2001}}

@article{Dray2006,
	Author = {Dray, St{\'e}phane and Legendre, Pierre and Peres-Neto, Pedro R},
	Journal = {Ecological Modelling},
	Number = {3--4},
	Pages = {483--493},
	Title = {{Spatial modelling: a comprehensive framework for principal coordinate analysis of neighbour matrices (PCNM)}},
	Volume = {196},
	Year = {2006}}

@book{Borcard2011,
	Author = {Borcard, D. and Gillet, F. and Legendre, P.},
	Isbn = {9781441979766},
	Lccn = {2011280876},
	Publisher = {Springer New York},
	Series = {Use R!},
	Title = {{Numerical Ecology with R}},
	Url = {https://books.google.co.za/books?id=dtQNxsH4Y2wC},
	Year = {2011}}

@article{Blanchet2008,
	Author = {Blanchet, F G and Legendre, P and Borcard, D},
	Journal = {Ecology},
	Number = {9},
	Pages = {2623--2632},
	Title = {{Forward selection of explanatory variables}},
	Volume = {89},
	Year = {2008}}

@article{Peres-Neto2006,
	Author = {Peres-Neto, Pedro R and Legendre, Pierre and Dray, St{\'e}phane and Borcard, Daniel},
	Journal = {Ecology},
	Month = oct,
	Number = {10},
	Pages = {2614--2625},
	Title = {{Variation partitioning of species data matrices: estimation and comparison of fractions}},
	Volume = {87},
	Year = {2006}}


@article{Smale2011,
	Author = {Smale, Dan and Kendrick, Gary and Wernberg, Thomas},
	Journal = {Estuarine, Coastal and Shelf Science},
	Month = jan,
	Number = {2},
	Pages = {224--231},
	Title = {{Subtidal macroalgal richness, diversity and turnover, at multiple spatial scales, along the southwestern Australian coastline}},
	Volume = {91},
	Year = {2011}}

@article{Lawton1999,
	Author = {Lawton, John H},
	Journal = {Oikos},
	Number = {2},
	Pages = {177},
	Title = {{Are there general laws in ecology?}},
	Volume = {84},
	Year = {1999}}

@article{Tuya2012,
	Author = {Tuya, F and Cacabelos, E and Duarte, P and Jacinto, D and Castro, Jj and Silva, T and Bertocci, I and Franco, Jn and Arenas, F and Coca, J and Wernberg, T},
	Journal = {Marine Ecology Progress Series},
	Month = oct,
	Pages = {9--19},
	Title = {{Patterns of landscape and assemblage structure along a latitudinal gradient in ocean climate}},
	Volume = {466},
	Year = {2012}}

@article{Waters2010,
	Author = {Waters, J M and Wernberg, Thomas and Connell, S D and Thomsen, Mads S and Zuccarello, G C and Kraft, G T and Sanderson, J C and West, J A and Gurgel, C F D},
	Journal = {Austral Ecology},
	Month = dec,
	Number = {8},
	Pages = {988--992},
	Title = {{Australia's marine biogeography revisited: back to the future?}},
	Volume = {35},
	Year = {2010}}

@article{Wernberg2013,
	Author = {Wernberg, Thomas and Thomsen, Mads S and Connell, S D and Russell, Bayden D and Waters, J M and Zuccarello, Giuseppe C and Kraft, G T and Sanderson, Craig and West, J A and Gurgel, Carlos F D},
	Journal = {PLOS ONE},
	Month = jan,
	Number = {11},
	Pages = {e80168},
	Title = {{The footprint of continental-scale ocean currents on the biogeography of seaweeds.}},
	Volume = {8},
	Year = {2013}}

@article{deWit2006,
	Author = {De Wit, Rutger and Bouvier, Thierry},
	Journal = {Environmental Microbiology},
	Month = apr,
	Number = {4},
	Pages = {755--758},
	Title = {{'Everything is everywhere, but, the environment selects'; what did Baas Becking and Beijerinck really say?}},
	Volume = {8},
	Year = {2006}}

@Article{Schlegel2017,
	author = {Schlegel, Robert W and Oliver, Eric C J and Wernberg, Thomas and Smit, Albertus J},
	title = {Nearshore and offshore co-occurrence of marine heatwaves and cold-spells},
	journal = {Progress in Oceanography},
	volume = {151},
	pages = {189–205},
	year = {2017}}

@article{Schils2006,
	Author = {Schils, Tom and Wilson, Simon C},
	Journal = {Journal of Phycology},
	Month = aug,
	Number = {4},
	Pages = {749--756},
	Title = {{Temperature threshold as a biogeographic barrier in northern Indian Ocean macroalgae}},
	Volume = {42},
	Year = {2006}}

@article{Baselga2012d,
	Author = {Baselga, Andres and G o mez-Rodr '{\i}guez, Carola and Lobo, Jorge M},
	Journal = {PLOS ONE},
	Number = {2},
	Pages = {e32341},
	Title = {{Historical legacies in world amphibian diversity revealed by the turnover and nestedness components of beta diversity}},
	Volume = {7},
	Year = {2012}}

@article{Smale2010,
  title={Assemblage turnover and taxonomic sufficiency of subtidal macroalgae at multiple spatial scales},
  author={Smale, Dan A and Kendrick, Gary A and Wernberg, Thomas},
  journal={Journal of Experimental Marine Biology and Ecology},
  volume={384},
  number={1},
  pages={76--86},
  year={2010},
  publisher={Elsevier}
}

@article{Issa2014,
	Author = {Issa, Ahmed A and Hifney, Awatief F and Abdel-Gawad, Khayria M and Gomaa, Mohamed},
	Journal = {Botanica Marina},
	Month = jul,
	Number = {2},
	Pages = {1--13},
	Title = {{Spatio temporal and environmental factors influencing macroalgal $\beta$ diversity in the Red Sea, Egypt}},
	Volume = {57},
	Year = {2016}}

@article{PeresNeto2010,
	Author = {Peres-Neto, Pedro R and Legendre, Pierre},
	Journal = {Global Ecology and Biogeography},
	Number = {2},
	Pages = {174--184},
	Title = {{Estimating and controlling for spatial structure in the study of ecological communities}},
	Volume = {19},
	Year = {2010}}

@article{Siesser1978,
	Author = {Siesser, WG},
	Journal = {Antarctic glacial history and world palaeoenvironments. Balkema, Rotterdam},
	Pages = {105--113},
	Title = {Aridification of the Namib Desert: evidence from oceanic cores},
	Year = {1978}}

@article{Marlow2000,
	Author = {Marlow, J R and Lange, C B and Wefer, G and Rosell-Mele, A},
	Journal = {Science},
	Month = dec,
	Number = {5500},
	Pages = {2288--2291},
	Title = {{Upwelling intensification as part of the Pliocene-Pleistocene climate transition.}},
	Volume = {290},
	Year = {2000}}

@article{Zintzen2010,
  title={Increasing variation in taxonomic distinctness reveals clusters of specialists in the deep sea},
  author={Zintzen, Vincent and Anderson, Marti J and Roberts, Clive D and Diebel, Carol E},
  journal={Ecography},
  volume={34},
  number={2},
  pages={306--317},
  year={2011},
  publisher={Wiley Online Library}
}

@article{McClain2011,
  title={Dispersal, environmental niches and oceanic-scale turnover in deep-sea bivalves},
  author={McClain, Craig R and Stegen, James C and Hurlbert, Allen H},
  journal={Proceedings of the Royal Society of London B: Biological Sciences},
  pages={rspb20112166},
  year={2011},
  publisher={The Royal Society}
}

@article{Anderson2010,
	Author = {Anderson, Marti J and Crist, Thomas O and Chase, Jonathan M and Vellend, Mark and Inouye, Brian D and Freestone, Amy L and Sanders, Nathan J and Cornell, Howard V and Comita, Liza S and Davies, Kendi F and Harrison, Susan P and Kraft, Nathan J B and Stegen, James C and Swenson, Nathan G},
	Journal = {Ecology Letters},
	Number = {1},
	Pages = {19--28},
	Title = {{Navigating the multiple meanings of $\beta$ diversity: a roadmap for the practicing ecologist}},
	Volume = {14},
	Year = {2010}}

@article{Anderson2009,
	Author = {Anderson, R J and Bolton, J J and Stegenga, H},
	Journal = {Diversity and Distributions},
	Number = {1},
	Pages = {1017--1027},
	Title = {{Using the biogeographical distribution and diversity of seaweed species to test the efficacy of marine protected areas in the warm-temperate Agulhas Marine Province, South Africa}},
	Volume = {15},
	Year = {2009}}

@article{Baselga2012,
	Author = {Baselga, Andres},
	Journal = {Global Ecology and Biogeography},
	Number = {12},
	Pages = {1223--1232},
	Title = {The relationship between species replacement, dissimilarity derived from nestedness, and nestedness},
	Volume = {21},
	Year = {2012}}

@article{Littler1982,
	Author = {Littler, Mark M and Arnold, Keith E},
	Journal = {Journal of Phycology},
	Number = {3},
	Pages = {307--311},
	Title = {{Primary productivity of marine macroalgal functional-form groups from Southwestern North America}},
	Volume = {18},
	Year = {1982}}

@article{Littler1980,
	Author = {Littler, Mark M and Littler, Diane S},
	Journal = {The American Naturalist},
	Number = {1},
	Pages = {25--44},
	Title = {{The evolution of thallus form and survival strategies in benthic marine macroalgae: field and laboratory tests of a functional form model}},
	Volume = {116},
	Year = {1980}}

@article{Svenning2011a,
	Author = {Svenning, Jens-Christian and Fl jgaard, Camilla and Baselga, Andres},
	Journal = {Journal of Animal Ecology},
	Number = {2},
	Pages = {393--402},
	Title = {{Climate, history and neutrality as drivers of mammal beta diversity in Europe: Insights from multiscale deconstruction}},
	Volume = {80},
	Year = {2011}}

@article{DaSilva2014a,
	Author = {da Silva, Fernando Rodrigues and Almeida-Neto, M a rio and Arena, Mariana Victorino Nicolosi},
	Journal = {PLoS ONE},
	Number = {10},
	Pages = {e109642},
	Title = {{Amphibian Beta Diversity in the Brazilian Atlantic Forest: Contrasting the Roles of Historical Events and Contemporary Conditions at Different Spatial Scales}},
	Volume = {9},
	Year = {2014}}

@article{Ricotta2008,
	Author = {Ricotta, Carlo and Burrascano, Sabina},
	Journal = {Preslia},
	Number = {1},
	Pages = {61--72},
	Title = {{Beta diversity for functional ecology}},
	Volume = {80},
	Year = {2008}}

@article{Swenson2011,
	Author = {Swenson, Nathan G and Anglada-Cordero, Pedro and Barone, John A},
	Journal = {Proceedings. Biological sciences / The Royal Society},
	Number = {1707},
	Pages = {877--884},
	Title = {{Deterministic tropical tree community turnover: evidence from patterns of functional beta diversity along an elevational gradient.}},
	Volume = {278},
	Year = {2011}}

@article{Swenson2012,
	Author = {Swenson, Nathan G and Erickson, David L and Mi, Xiangcheng and Bourg, Norman A and Forero-Monta{\~n}a, Jimena and Ge, Xuejun and Howe, Robert and Lake, Jeffrey K and Liu, Xiaojuan and Ma, Keping and Pei, Nancai and Thompson, Jill and Uriarte, Maria and Wolf, Amy and Wright, S Joseph and Ye, Wanhui and Zhang, Jinlong and Zimmerman, Jess K and Kress, W John},
	Journal = {Ecology},
	Month = aug,
	Number = {sp8},
	Pages = {S112--S125},
	Title = {{Phylogenetic and functional alpha and beta diversity in temperate and tropical tree communities}},
	Volume = {93},
	Year = {2012}}

@article{Tang2013,
	Author = {Tang, Zhiyao and Fang, Jingyun and Chi, Xiulian and Feng, Jianmeng and Liu, Yining and Shen, Zehao and Wang, Xiangping and Wang, Zhiheng and Wu, Xiaopu and Zheng, Chengyang and Gaston, Kevin J},
	Journal = {Ecography},
	Number = {12},
	Pages = {1083--1091},
	Title = {{Patterns of plant beta-diversity along elevational and latitudinal gradients in mountain forests of China}},
	Volume = {35},
	Year = {2013}}

@article{Kraft2011,
	Author = {Kraft, Nathan J B and Comita, Liza S and Chase, Jonathan M and Sanders, Nathan J and Swenson, Nathan G and Crist, Thomas O and Stegen, James C and Vellend, Mark and Boyle, Brad and Anderson, Marti J and Cornell, Howard V and Davies, Kendi F and Freestone, Amy L and Inouye, Brian D and Harrison, Susan P and Myers, Jonathan A},
	Journal = {Science},
	Number = {6050},
	Pages = {1755--1758},
	Title = {{Disentangling the drivers of $\beta$ diversity along latitudinal and elevational gradients.}},
	Volume = {333},
	Year = {2011}}

@article{Hu2015,
	Author = {Hu, Dunxin and Wu, Lixin and Cai, Wenju and Gupta, Alex Sen and Ganachaud, Alexandre and Qiu, Bo and Gordon, Arnold L and Lin, Xiaopei and Chen, Zhaohui and Hu, Shijian and Wang, Guojian and Wang, Qingye and Sprintall, Janet and Qu, Tangdong and Kashino, Yuji and Wang, Fan and Kessler, William S},
	Journal = {Nature},
	Month = jun,
	Number = {7556},
	Pages = {299--308},
	Title = {{Pacific western boundary currents and their roles in climate}},
	Volume = {522},
	Year = {2015}}

@article{Chase2011,
	Author = {Chase, Jonathan M. and Kraft, Nathan J. B. and Smith, Kevin G. and Vellend, Mark and Inouye, Brian D},
	Journal = {Ecosphere},
	Number = {2},
	Pages = {art24},
	Title = {{Using null models to disentangle variation in community dissimilarity from variation in $\alpha$-diversity}},
	Volume = {2},
	Year = {2011}}

@article{Spasojevic2016,
	Author = {Spasojevic, Marko J and Turner, Benjamin L and Myers, Jonathan A},
	Journal = {Journal of Ecology},
	Month = jan,
	Number = {2},
	Pages = {487--496},
	Title = {{When does intraspecific trait variation contribute to functional beta-diversity?}},
	Volume = {104},
	Year = {2016}}

@article{Qian2009b,
	Author = {Qian, Hong},
	Journal = {Global Ecology and Biogeography},
	Number = {3},
	Pages = {327--332},
	Title = {{Beta diversity in relation to dispersal ability for vascular plants in North America}},
	Volume = {18},
	Year = {2009}}

@article{Webb2002,
	Author = {Webb, Campbell O and Ackerly, David D and McPeek, Mark A and Donoghue, Michael J},
	Journal = {Annual Review of Ecology and Systematics},
	Number = {1},
	Pages = {475--505},
	Title = {{Phylogenies and Community Ecology}},
	Volume = {33},
	Year = {2002}}

@article{Penone2016,
	Author = {Penone, Caterina and Weinstein, Ben G and Graham, Catherine H and Brooks, Thomas M and Rondinini, Carlo and Hedges, S Blair and Davidson, Ana D and Costa, Gabriel C},
	Journal = {Proceedings of the Royal Society B: Biological Sciences},
	Month = aug,
	Number = {1837},
	Pages = {20161028--9},
	Title = {{Global mammal beta diversity shows parallel assemblage structure in similar but isolated environments}},
	Volume = {283},
	Year = {2016}}

@incollection{Santelices2009chapter,
	Author = {Santelices, B and Bolton, J J and Meneses, I},
	Booktitle = {Marine macroecology},
	Chapter = 10,
	Editor = {Witman, Jon D and Roy, Kaustuv},
	Pages = {153--192},
	Publisher = {University of Chicago Press},
	Title = {Marine Algal Communities},
	Year = {2009}}

@article{smit2017seaweeds,
  title={Seaweeds in two oceans: beta-diversity},
  author={Smit, Albertus J and Bolton, John J and Anderson, Robert J},
  journal={{Frontiers in Marine Science}},
  volume={4},
  pages={404},
  year={2017},
  publisher={Frontiers Media SA}
}

@article{stegenga1997seaweeds,
	Author = {Stegenga, Herre and Bolton, John J and Anderson, Robert J},
	Journal = {Contributions of the Bolus Herbarium},
	Pages = {3--637},
	Title = {{Seaweeds of the South African west coast}},
	Volume = {18},
	Year = {1997}}

@article{Tuomisto2010,
	Author = {Tuomisto, Hanna},
	Journal = {Ecography},
	Number = {1},
	Pages = {2--22},
	Title = {{A diversity of beta diversities: straightening up a concept gone awry. Part 1. Defining beta diversity as a function of alpha and gamma diversity}},
	Volume = {33},
	Year = {2010}}

@incollection{Bolton2003,
	Author = {Bolton, John J and De Clerck, Olivier and John, David M},
	Booktitle = {Proceedings of the Marine Biodiversity in Sub-Saharan Africa: The Known and the Unknown. Cape Town, South Africa},
	Pages = {229--241},
	Title = {Seaweed diversity patterns in sub-Saharan Africa},
	Volume = {23},
	Year = {2003}}

@book{Dawson1960,
	Author = {Dawson, Elmer Yale and Neushul, Michael and Wildman, Robert D},
	Publisher = {Beaudette Foundation for Biological Research},
	Title = {Seaweeds associated with kelp beds along southern California and northwestern Mexico},
	Year = {1960}}


@article{Soininen2007,
  title={{A multivariate analysis of beta diversity across organisms and environments}},
  author={Soininen, Janne and Lennon, Jack J and Hillebrand, Helmut},
  journal={Ecology},
  volume={88},
  number={11},
  pages={2830--2838},
  year={2007},
  publisher={Wiley Online Library}
}

@article{Soininen2007a,
  title={The distance decay of similarity in ecological communities},
  author={Soininen, Janne and McDonald, Robert and Hillebrand, Helmut},
  journal={Ecography},
  volume={30},
  number={1},
  pages={3--12},
  year={2007},
  publisher={Wiley Online Library}
}

@article{Waldron1992,
author = {Waldron, H N and Probyn, T A},
title = {{Nitrate supply and potential new production in the Benguela upwelling system}},
journal = {South African Journal of Marine Science},
year = {1992},
volume = {12},
number = {1},
pages = {29--39},
month = jun
}

@article{StuartSmith2017b,
author = {Stuart-Smith, Rick D and Edgar, Graham J and Bates, Amanda E},
title = {{Thermal limits to the geographic distributions of shallow-water marine species}},
journal = {Nature Ecology {\&} Evolution},
year = {2017},
pages = {1--9},
month = oct
}

@article{AR5,
  title={Climate change 2013: the physical science basis. Contribution of Working Group I to the Fifth Assessment Report of the Intergovernmental Panel on Climate Change},
  author={Church, John A and Clark, Peter U and Cazenave, Anny and Gregory, Jonathan M and Jevrejeva, Svetlana and Levermann, Anders and Merrifield, Mark A and Milne, Glenn A and Nerem, R Steven and Nunn, Patrick D and others},
  journal={Sea level change},
  pages={1137--1216},
  year={2013}
}

@incollection{straub2016,
  title={The dynamic biogeography of the Anthropocene: The speed of recent range shifts in seaweeds},
  author={Straub, Sandra C and Thomsen, Mads Solgaard and Wernberg, Thomas},
  booktitle={Seaweed Phylogeography},
  pages={63--93},
  year={2016},
  publisher={Springer}
}

@article{Porter2013,
  title={Biogeographic patterns on shallow subtidal reefs in the western Indian Ocean},
  author={Porter, SN and Branch, GM and Sink, KJ},
  journal={Marine biology},
  volume={160},
  number={5},
  pages={1271--1283},
  year={2013},
  publisher={Springer}
}

@article{awad2001distribution,
  title={Distribution and endemicity patterns of marine benthic invertebrates in South Africa applied to the selection of priority conservation areas},
  author={Awad, A},
  year={2001}
}

@article{Turpie2000,
  title={Biogeography and the selection of priority areas for conservation of South African coastal fishes},
  author={Turpie, Jane K and Beckley, Lynnath E and Katua, Stephen M},
  journal={Biological Conservation},
  volume={92},
  number={1},
  pages={59--72},
  year={2000},
  publisher={Elsevier}
}

@article{Thandar1989,
  title={Zoogeography of the southern African echinoderm fauna},
  author={Thandar, AS},
  journal={African Zoology},
  volume={24},
  number={4},
  pages={311--318},
  year={1989},
  publisher={NISC (Pty) Ltd}
}


@Manual{R2025,
    title = {R: A Language and Environment for Statistical Computing},
    author = {{R Core Team}},
    organization = {R Foundation for Statistical Computing},
    address = {Vienna, Austria},
    year = {2025},
    url = {https://www.R-project.org/},
  }

@article{anderson2006distance,
  title={Distance-based tests for homogeneity of multivariate dispersions},
  author={Anderson, Marti J},
  journal={Biometrics},
  volume={62},
  number={1},
  pages={245--253},
  year={2006},
  publisher={Wiley Online Library}
}

@article{anderson2011navigating,
  title={Navigating the multiple meanings of $\beta$ diversity: a roadmap for the practicing ecologist},
  author={Anderson, Marti J and Crist, Thomas O and Chase, Jonathan M and Vellend, Mark and Inouye, Brian D and Freestone, Amy L and Sanders, Nathan J and Cornell, Howard V and Comita, Liza S and Davies, Kendi F and others},
  journal={{Ecology Letters}},
  volume={14},
  number={1},
  pages={19--28},
  year={2011},
  publisher={Wiley Online Library}
}

@article{anderson2013permanova,
  title={PERMANOVA, ANOSIM, and the Mantel test in the face of heterogeneous dispersions: what null hypothesis are you testing?},
  author={Anderson, Marti J and Walsh, Daniel CI},
  journal={Ecological monographs},
  volume={83},
  number={4},
  pages={557--574},
  year={2013},
  publisher={Wiley Online Library}
}

@article{baselga2010partitioning,
  title={Partitioning the turnover and nestedness components of beta diversity},
  author={Baselga, Andr{\'e}s},
  journal={{Global Ecology and Biogeography}},
  volume={19},
  number={1},
  pages={134--143},
  year={2010},
  publisher={Wiley Online Library}
}

@article{baselga2018partitioning,
  title={Partitioning beta diversity into turnover and nestedness components},
  author={Baselga, Andr{\'e}s and Orme, David and Vill{\'e}ger, S{\'e}bastien and De Bortoli, Julien and Leprieur, Fabien and Logez, M and Henriques-Silva, R},
  journal={{Package ‘betapart’. Version}},
  volume={1},
  number={1},
  year={2018}
}

@Manual{baselga2022betapart,
    title = {{betapart: Partitioning Beta Diversity into Turnover and Nestedness
Components}},
    author = {Andres Baselga and David Orme and Sebastien Villeger and Julien {De Bortoli} and Fabien Leprieur and Maxime Logez},
    year = {2022},
    note = {R package version 1.5.6},
    url = {https://CRAN.R-project.org/package=betapart},
  }

@article{bolton1986marine,
  title={Marine phytogeography of the {B}enguela upwelling region on the west coast of southern Africa: a temperature dependent approach},
  author={Bolton, JJ},
  year={1986},
  publisher={{Walter de Gruyter, Berlin/New York Berlin, New York}}
}

@article{bolton2002seaweed,
  title={{Seaweed species diversity in South Africa}},
  author={Bolton, JJ and Stegenga, H},
  journal={{South African Journal of Marine Science}},
  volume={24},
  number={1},
  pages={9--18},
  year={2002},
  publisher={Taylor \& Francis}
}

@article{borcard1992partialling,
  title={Partialling out the spatial component of ecological variation},
  author={Borcard, Daniel and Legendre, Pierre and Drapeau, Pierre},
  journal={Ecology},
  volume={73},
  number={3},
  pages={1045--1055},
  year={1992},
  publisher={Wiley Online Library}
}

@article{borcard1994environmental,
  title={Environmental control and spatial structure in ecological communities: an example using oribatid mites (Acari, Oribatei)},
  author={Borcard, Daniel and Legendre, Pierre},
  journal={Environmental and Ecological statistics},
  volume={1},
  number={1},
  pages={37--61},
  year={1994},
  publisher={Springer}
}

@book{borcard2011numerical,
  title={Numerical ecology with {R}},
  author={Borcard, Daniel and Gillet, Fran{\c{c}}ois and Legendre, Pierre and others},
  volume={2},
  year={2011},
  publisher={Springer}
}

@inbook{bolton_2004,
  place={{Cambridge, UK}},
  title={Marine vegetation},
  booktitle={{Vegetation of Southern Africa}},
  publisher={Cambridge University Press},
  author={Bolton, John J and Anderson, Robert J},
  editor={Cowling, Richard M and Richarson, Dave M},
  year={2004},
  pages={348–370.}
}

@article{buttigieg2014guide,
  title={A guide to statistical analysis in microbial ecology: a community-focused, living review of multivariate data analyses},
  author={Buttigieg, Pier Luigi and Ramette, Alban},
  journal={FEMS microbiology ecology},
  volume={90},
  number={3},
  pages={543--550},
  year={2014},
  publisher={Oxford University Press}
}

@article{cardoso2015bat,
  title={BAT--Biodiversity Assessment Tools, an R package for the measurement and estimation of alpha and beta taxon, phylogenetic and functional diversity},
  author={Cardoso, Pedro and Rigal, Fran{\c{c}}ois and Carvalho, Jose C},
  journal={Methods in Ecology and Evolution},
  volume={6},
  number={2},
  pages={232--236},
  year={2015},
  publisher={Wiley Online Library}
}

@article{condit2002beta,
  title={Beta-diversity in tropical forest trees},
  author={Condit, Richard and Pitman, Nigel and Leigh Jr, Egbert G and Chave, J{\'e}r{\^o}me and Terborgh, John and Foster, Robin B and N{\'u}nez, Percy and Aguilar, Salom{\'o}n and Valencia, Renato and Villa, Gorky and others},
  journal={Science},
  volume={295},
  number={5555},
  pages={666--669},
  year={2002},
  publisher={American Association for the Advancement of Science}
}

@book{de2005guide,
  title={{Guide to the seaweeds of KwaZulu-Natal}},
  author={De Clerck, Olivier and Bolton, JJ and Anderson, RJ and Coppejans, Eric and Bolton, J and Anderson, RL},
  year={2005}
}

@article{dray2015principal,
  title={Principal component analysis with missing values: a comparative survey of methods},
  author={Dray, St{\'e}phane and Josse, Julie},
  journal={{Plant Ecology}},
  volume={216},
  number={5},
  pages={657--667},
  year={2015},
  publisher={Springer}
}

@article{fisher1943relation,
  title={The relation between the number of species and the number of individuals in a random sample of an animal population},
  author={Fisher, Ronald A and Corbet, A Steven and Williams, Carrington B},
  journal={{The Journal of Animal Ecology}},
  pages={42--58},
  year={1943},
  publisher={JSTOR}
}

@article{graham2003confronting,
  title={Confronting multicollinearity in ecological multiple regression},
  author={Graham, Michael H},
  journal={Ecology},
  volume={84},
  number={11},
  pages={2809--2815},
  year={2003},
  publisher={Wiley Online Library}
}

@article{heck1975explicit,
  title={Explicit calculation of the rarefaction diversity measurement and the determination of sufficient sample size},
  author={Heck Jr, Kenneth L and van Belle, Gerald and Simberloff, Daniel},
  journal={Ecology},
  volume={56},
  number={6},
  pages={1459--1461},
  year={1975},
  publisher={Wiley Online Library}
}

@article{jurasinski2009inventory,
  title={Inventory, differentiation, and proportional diversity: a consistent terminology for quantifying species diversity},
  author={Jurasinski, Gerald and Retzer, Vroni and Beierkuhnlein, Carl},
  journal={Oecologia},
  volume={159},
  number={1},
  pages={15--26},
  year={2009},
  publisher={Springer}
}

@article{koleff2003measuring,
  title={Measuring beta diversity for presence--absence data},
  author={Koleff, Patricia and Gaston, Kevin J and Lennon, Jack J},
  journal={{Journal of Animal Ecology}},
  volume={72},
  number={3},
  pages={367--382},
  year={2003},
  publisher={Wiley Online Library}
}

@article{mayombo2019diatoms,
  title={Diatoms associated with two South African kelp species: Ecklonia maxima and Laminaria pallida},
  author={Mayombo, NAS and Majewska, R and Smit, AJ},
  journal={{African Journal of Marine Science}},
  volume={41},
  number={2},
  pages={221--229},
  year={2019},
  publisher={Taylor \& Francis}
}

@article{nekola1999distance,
  title={The distance decay of similarity in biogeography and ecology},
  author={Nekola, Jeffrey C and White, Peter S},
  journal={{Journal of Biogeography}},
  volume={26},
  number={4},
  pages={867--878},
  year={1999},
  publisher={Wiley Online Library}
}

@Manual{oksanen2022vegan,
    title = {{vegan: Community Ecology Package}},
    author = {Jari Oksanen and Gavin L. Simpson and F. Guillaume Blanchet and Roeland Kindt and Pierre Legendre and Peter R. Minchin and R.B. O'Hara and Peter Solymos and M. Henry H. Stevens and Eduard Szoecs and Helene Wagner and Matt Barbour and Michael Bedward and Ben Bolker and Daniel Borcard and Gustavo Carvalho and Michael Chirico and Miquel {De Caceres} and Sebastien Durand and Heloisa Beatriz Antoniazi Evangelista and Rich FitzJohn and Michael Friendly and Brendan Furneaux and Geoffrey Hannigan and Mark O. Hill and Leo Lahti and Dan McGlinn and Marie-Helene Ouellette and Eduardo {Ribeiro Cunha} and Tyler Smith and Adrian Stier and Cajo J.F. {Ter Braak} and James Weedon},
    year = {2022},
    note = {R package version 2.6-2},
    url = {https://CRAN.R-project.org/package=vegan},
  }

@article{preston1948commonness,
  title={The commonness, and rarity, of species},
  author={Preston, Frank W},
  journal={Ecology},
  volume={29},
  number={3},
  pages={254--283},
  year={1948},
  publisher={JSTOR}
}

@Manual{rmanual,
    title = {R: {A} {L}anguage and {E}nvironment for {S}tatistical {C}omputing},
    author = {{R Core Team}},
    organization = {{R Foundation for Statistical Computing}},
    address = {Vienna, Austria},
    year = {2022},
    url = {https://www.R-project.org/}
  }

@book{sauer1991plant,
  title={Plant migration: the dynamics of geographic patterning in seed plant species},
  author={Sauer, Jonathan D},
  year={1991},
  publisher={Univ of California Press}
}

@article{smit2013coastal,
  title={{A coastal seawater temperature dataset for biogeographical studies: large biases between in situ and remotely-sensed data sets around the coast of South Africa}},
  author={Smit, Albertus J and Roberts, Michael and Anderson, Robert J and Dufois, Francois and Dudley, Sheldon FJ and Bornman, Thomas G and Olbers, Jennifer and Bolton, John J},
  journal={{PLoS One}},
  volume={8},
  number={12},
  pages={e81944},
  year={2013},
  publisher={Public Library of Science San Francisco, USA}
}

@article{verneaux1973cours,
  title={Cours d'eau de {F}ranche-{C}omt{\'e} ({M}assif du {J}ura). Recherches {\'e}cologiques sur le r{\'e}seau hydrographique du {D}oubs},
  author={Verneaux, J},
  journal={Essai de {B}iotypologie. Th{\`e}se d’{\'e}tat},
  year={1973}
}

@article{wang2012mvabund,
  title={mvabund--an R package for model-based analysis of multivariate abundance data},
  author={Wang, YI and Naumann, Ulrike and Wright, Stephen T and Warton, David I},
  journal={Methods in Ecology and Evolution},
  volume={3},
  number={3},
  pages={471--474},
  year={2012},
  publisher={London}
}

@article{wang2017mvabund,
  title={mvabund: Statistical methods for analysing multivariate abundance data},
  author={Wang, Yi and Naumann, Ulrike and Eddelbuettel, D and Wilshire, J and Warton, D and Byrnes, J and dos Santos Silva, R and Niku, J and Renner, I and Wright, S},
  journal={R package version},
  volume={3},
  number={1},
  year={2017}
}

@article{whittaker1960vegetation,
  title={{Vegetation of the Siskiyou mountains, Oregon and California}},
  author={Whittaker, Robert Harding},
  journal={{Ecological Monographs}},
  volume={30},
  number={3},
  pages={279--338},
  year={1960},
  publisher={JSTOR}
}

@article{whittaker1965dominance,
  title={{Dominance and Diversity in Land Plant Communities: Numerical relations of species express the importance of competition in community function and evolution.}},
  author={Whittaker, Robert H},
  journal={Science},
  volume={147},
  number={3655},
  pages={250--260},
  year={1965},
  publisher={{American Association for the Advancement of Science}}
}

@article{whittaker1972evolution,
  title={Evolution and measurement of species diversity},
  author={Whittaker, Robert H},
  journal={Taxon},
  volume={21},
  number={2-3},
  pages={213--251},
  year={1972},
  publisher={Wiley Online Library}
}


%%%

@article{Banzon2014,
author = {Banzon, Viva F. and Reynolds, Richard W. and Stokes, Diane and Xue, Yan},
doi = {10.1175/JCLI-D-14-00293.1},
file = {:Users/ajsmit/Documents/Mendeley Desktop/Banzon et al/Journal of Climate/Banzon et al. - 2014 - Journal of Climate.pdf:pdf},
isbn = {10.1175/JCLI-D-14-00293.1},
issn = {08948755},
journal = {Journal of Climate},
keywords = {Anomalies,Climatology,Sea surface temperature},
number = {21},
pages = {8221--8228},
pmid = {17793577},
title = {{A 1/4°-Spatial-resolution daily sea surface temperature climatology based on a blended satellite and in situ analysis}},
volume = {27},
year = {2014}
}

@article{Hobday2018,
author = {Hobday, Alistair J. and Oliver, Eric C.J. and {Sen Gupta}, Alex and Benthysen, Jessica A. and Burrows, Michael T. and Donat, Markus G. and Holbrook, Neil J. and Moore, Pippa J. and Thomsen, Mads S. and Wernberg, Thomas and Smale, Dan A.},
doi = {10.5670/oceanog.2018.205},
isbn = {0037601400069},
issn = {10428275},
journal = {Oceanography},
number = {2},
title = {{Categorizing and naming marine heatwaves}},
volume = {31},
year = {2018}
}

@article{Oliver2017,
author = {Oliver, Eric C.J. and Benthuysen, Jessica A. and Bindoff, Nathaniel L. and Hobday, Alistair J. and Holbrook, Neil J. and Mundy, Craig N. and Perkins-Kirkpatrick, Sarah E.},
doi = {10.1038/ncomms16101},
issn = {2041-1723},
journal = {Nature Communications},
pages = {16101},
title = {{The unprecedented 2015/16 Tasman Sea marine heatwave}},
url = {http://www.nature.com/doifinder/10.1038/ncomms16101},
volume = {8},
year = {2017}
}

@article{Wernberg2016,
author = {Wernberg, Thomas and Bennett, Scott and Babcock, Russell C and Bettignies, Thibaut De and Cure, Katherine and Depczynski, Martial and Dufois, Francois and Fromont, Jane and Fulton, Christopher J and Hovey, Renae K and Harvey, Euan S and Holmes, Thomas H and Kendrick, Gary A and Radford, Ben and Santana-garcon, Julia and Saunders, Benjamin J and Smale, Dan A and Thomsen, Mads S},
doi = {10.1126/science.aad8745},
issn = {0036-8075},
journal = {Science},
number = {1996},
pages = {2009--2012},
title = {{Climate driven regime shift of a temperate marine ecosystem}},
volume = {149},
year = {2016}
}

@article{Perkins2013,
author = {Perkins, Sarah E. and Alexander, Lisa V.},
file = {:home/rws/.local/share/data/Mendeley Ltd./Mendeley Desktop/Downloaded/Perkins, Alexander - 2013 - On the measurement of heat waves.pdf:pdf},
isbn = {08948755},
issn = {08948755},
journal = {Journal of Climate},
number = {13},
pages = {4500--4517},
pmid = {88906971},
title = {{On the measurement of heat waves}},
volume = {26},
year = {2013}
}

@book{IPCC2014,
address = {Geneva},
author = {IPCC},
editor = {Meyer, L.A. and Pachauri, R.K.},
isbn = {978-92-9169-143-2},
pages = {151},
publisher = {IPCC},
title = {{Climate change 2014: synthesis report. Contribution of Working Groups I, II and III to the fifth assessment report of the Intergovernmental Panel on Climate Change}},
year = {2014}
}

@article{Schlegel2017a,
author = {Schlegel, Robert W. and Oliver, Eric C.J. and Wernberg, Thomas and Smit, Albertus J.},
doi = {10.1016/j.pocean.2017.01.004},
file = {:home/rws/Documents/PhD/Articles/Schlegel et al 2017 cooccurrence.pdf:pdf},
issn = {00796611},
journal = {Progress in Oceanography},
keywords = {climate change,co-occurrence,coastal,extreme events,in situ data,remotely-sensed sst},
pages = {189--205},
publisher = {Elsevier Ltd},
title = {{Nearshore and offshore co-occurrence of marine heatwaves and cold-spells}},
url = {http://dx.doi.org/10.1016/j.pocean.2017.01.004},
volume = {151},
year = {2017}
}

@article{Hobday2016,
author = {Hobday, Alistair J. and Alexander, Lisa V. and Perkins, Sarah E. and Smale, Dan A. and Straub, Sandra C. and Oliver, Eric C.J. and Benthuysen, Jessica A. and Burrows, Michael T. and Donat, Markus G. and Feng, Ming and Holbrook, Neil J. and Moore, Pippa J. and Scannell, Hillary A. and {Sen Gupta}, Alex and Wernberg, Thomas},
doi = {10.1016/j.pocean.2015.12.014},
file = {:home/rws/.local/share/data/Mendeley Ltd./Mendeley Desktop/Downloaded/Unknown - Unknown - A hierarchical approach to defining marine heatwaves.pdf:pdf},
issn = {00796611},
journal = {Progress in Oceanography},
pages = {227--238},
title = {{A hierarchical approach to defining marine heatwaves}},
volume = {141},
year = {2016}
}

@article{Oliver2018,
author = {Oliver, Eric C.J. and Donat, Markus G. and Burrows, Michael T. and Moore, Pippa J. and Smale, Dan A. and Alexander, Lisa V. and Benthuysen, Jessica A. and Feng, Ming and {Sen Gupta}, Alex and Hobday, Alistair J. and Holbrook, Neil J. and Perkins-Kirkpatrick, Sarah E. and Scannell, Hillary A. and Straub, Sandra C. and Wernberg, Thomas},
doi = {10.1038/s41467-018-03732-9},
isbn = {2041-1723},
issn = {20411723},
journal = {Nature Communications},
number = {1},
title = {{Longer and more frequent marine heatwaves over the past century}},
volume = {9},
year = {2018}
}

@article{Schlegel2019,
  title={Detecting marine heatwaves with sub-optimal data},
  author={Schlegel, Robert W and Oliver, Eric CJ and Hobday, Alistair J and Smit, Albertus J},
  doi={10.3389/fmars.2019.00737},
  journal={Frontiers in Marine Science},
  volume={6},
  pages={737},
  year={2019},
  publisher={Frontiers}
}

@article{santos2013phytoplankton,
  title={Phytoplankton variability and oceanographic conditions at Condor seamount, Azores (NE Atlantic)},
  author={Santos, M and Moita, MT and Bashmachnikov, I and Menezes, GM and Carmo, V and Loureiro, CM and Mendon{\c{c}}a, A and Silva, AF and Martins, A},
  journal={Deep Sea Research Part II: Topical Studies in Oceanography},
  volume={98},
  pages={52--62},
  year={2013},
  publisher={Elsevier}
}

@article{gonzalez2018multi,
  title={Multi-scale habitat preference analyses for Azorean blue whales},
  author={Gonz{\'a}lez Garc{\'\i}a, Laura and Pierce, Graham J and Autret, Emmanuelle and Torres-Palenzuela, Jes{\'u}s M},
  journal={PLoS One},
  volume={13},
  number={9},
  pages={e0201786},
  year={2018},
  publisher={Public Library of Science San Francisco, CA USA}
}

@article{visser2011timing,
  title={Timing of migratory baleen whales at the Azores in relation to the North Atlantic spring bloom},
  author={Visser, Fleur and Hartman, Karin L and Pierce, Graham J and Valavanis, Vasilis D and Huisman, Jef},
  journal={Marine Ecology Progress Series},
  volume={440},
  pages={267--279},
  year={2011}
}

@book{zar1999biostatistical,
  title={Biostatistical analysis},
  author={Zar, Jerrold H},
  year={1999},
  publisher={Pearson Education India}
}

@article{sweijd2020trends,
  title={Trends in sea surface temperature and chlorophyll-a in the seven African Large Marine Ecosystems},
  author={Sweijd, NA and Smit, AJ},
  journal={Environmental Development},
  volume={36},
  pages={100585},
  year={2020},
  publisher={Elsevier}
}

@article{shade2018macroecology,
  title={Macroecology to unite all life, large and small},
  author={Shade, Ashley and Dunn, Robert R and Blowes, Shane A and Keil, Petr and Bohannan, Brendan JM and Herrmann, Martina and K{\"u}sel, Kirsten and Lennon, Jay T and Sanders, Nathan J and Storch, David and others},
  journal={Trends in ecology \& evolution},
  volume={33},
  number={10},
  pages={731--744},
  year={2018},
  publisher={Elsevier}
}

@misc{keith2012macroecology,
  title={What is macroecology?},
  author={Keith, Sally A and Webb, Tom J and B{\"o}hning-Gaese, Katrin and Connolly, Sean R and Dulvy, Nicholas K and Eigenbrod, Felix and Jones, Kate E and Price, Trevor and Redding, David W and Owens, Ian PF and others},
  year={2012},
  publisher={The Royal Society}
}

@article{whittaker1953consideration,
  title={A consideration of climax theory: the climax as a population and pattern},
  author={Whittaker, Robert H},
  journal={Ecological monographs},
  volume={23},
  number={1},
  pages={41--78},
  year={1953},
  publisher={JSTOR}
}

@article{whittaker1967gradient,
  title={Gradient analysis of vegetation.},
  author={Whittaker, Robert Harding},
  year={1967}
}

@book{hubbell2011unified,
  title={The unified neutral theory of biodiversity and biogeography (MPB-32)},
  author={Hubbell, Stephen P},
  year={2011},
  publisher={Princeton University Press}
}

@article{rosindell2012case,
  title={The case for ecological neutral theory},
  author={Rosindell, James and Hubbell, Stephen P and He, Fangliang and Harmon, Luke J and Etienne, Rampal S},
  journal={Trends in ecology \& evolution},
  volume={27},
  number={4},
  pages={203--208},
  year={2012},
  publisher={Elsevier}
}

@article{hubbell2005neutral,
  title={Neutral theory in community ecology and the hypothesis of functional equivalence},
  author={Hubbell, Stephen P},
  journal={Functional ecology},
  volume={19},
  number={1},
  pages={166--172},
  year={2005},
  publisher={JSTOR}
}

@book{legendre2012numerical,
  title={Numerical ecology},
  author={Legendre, Pierre and Legendre, Louis},
  volume={24},
  year={2012},
  publisher={Elsevier}
}

@article{dengler2016phytosociology,
  title={Phytosociology},
  author={Dengler, J{\"u}rgen},
  journal={International Encyclopedia of Geography: People, the Earth, Environment and Technology: People, the Earth, Environment and Technology},
  pages={1--6},
  year={2016},
  publisher={Wiley Online Library}
}

@misc{dengler2008phytosociology,
  title={Phytosociology ed SE J{\o}rgensen and BD Fath Encyclopedia of Ecology},
  author={Dengler, J and Chytr{\`y}, M and Ewald, J},
  year={2008},
  publisher={Oxford: Elsevier}
}

@incollection{DENGLER20082767,
  title = {Phytosociology},
  editor = {Sven Erik Jørgensen and Brian D. Fath},
  booktitle = {Encyclopedia of Ecology},
  publisher = {Academic Press},
  address = {Oxford},
  pages = {2767-2779},
  year = {2008},
  isbn = {978-0-08-045405-4},
  doi = {https://doi.org/10.1016/B978-008045405-4.00533-4},
  url = {https://www.sciencedirect.com/science/article/pii/B9780080454054005334},
  author = {J. Dengler and M. Chytrý and J. Ewald},
  keywords = {Association, Braun-Blanquet approach, Constancy, Diagnostic species, Ellenberg indicator value, Fidelity, Phytosociological table, Potential natural vegetation, Relevé, Supervised classification, Symphytosociological approach, Syntaxonomy, Synusial approach, Vegetation classification, Vegetation map}
}

@article{matthews2015species,
  title={On the species abundance distribution in applied ecology and biodiversity management},
  author={Matthews, Thomas J and Whittaker, Robert J},
  journal={Journal of Applied Ecology},
  volume={52},
  number={2},
  pages={443--454},
  year={2015},
  publisher={Wiley Online Library}
}

@article{tittensor2010global,
  title={Global patterns and predictors of marine biodiversity across taxa},
  author={Tittensor, Derek P and Mora, Camilo and Jetz, Walter and Lotze, Heike K and Ricard, Daniel and Berghe, Edward Vanden and Worm, Boris},
  journal={Nature},
  volume={466},
  number={7310},
  pages={1098--1101},
  year={2010},
  publisher={Nature Publishing Group UK London}
}

@article{tilman2017future,
  title={Future threats to biodiversity and pathways to their prevention},
  author={Tilman, David and Clark, Michael and Williams, David R and Kimmel, Kaitlin and Polasky, Stephen and Packer, Craig},
  journal={Nature},
  volume={546},
  number={7656},
  pages={73--81},
  year={2017},
  publisher={Nature Publishing Group UK London}
}

@article{maxwell2016biodiversity,
  title={Biodiversity: The ravages of guns, nets and bulldozers},
  author={Maxwell, Sean L and Fuller, Richard A and Brooks, Thomas M and Watson, James EM},
  journal={Nature},
  volume={536},
  number={7615},
  pages={143--145},
  year={2016},
  publisher={Nature Publishing Group UK London}
}

@article{chapin2000consequences,
  title={Consequences of changing biodiversity},
  author={Chapin {III}, F Stuart and Zavaleta, Erika S and Eviner, Valerie T and Naylor, Rosamond L and Vitousek, Peter M and Reynolds, Heather L and Hooper, David U and Lavorel, Sandra and Sala, Osvaldo E and Hobbie, Sarah E and others},
  journal={Nature},
  volume={405},
  number={6783},
  pages={234--242},
  year={2000},
  publisher={Nature Publishing Group UK London}
}

@article{costanza1997value,
  title={The value of the world's ecosystem services and natural capital},
  author={Costanza, Robert and d'Arge, Ralph and De Groot, Rudolf and Farber, Stephen and Grasso, Monica and Hannon, Bruce and Limburg, Karin and Naeem, Shahid and O'neill, Robert V and Paruelo, Jose and others},
  journal={nature},
  volume={387},
  number={6630},
  pages={253--260},
  year={1997},
  publisher={Nature Publishing Group UK London}
}

@article{costanza2014changes,
  title={Changes in the global value of ecosystem services},
  author={Costanza, Robert and De Groot, Rudolf and Sutton, Paul and Van der Ploeg, Sander and Anderson, Sharolyn J and Kubiszewski, Ida and Farber, Stephen and Turner, R Kerry},
  journal={Global environmental change},
  volume={26},
  pages={152--158},
  year={2014},
  publisher={Elsevier}
}

@article{burger2012macroecology,
  title={The macroecology of sustainability},
  author={Burger, Joseph R and Allen, Craig D and Brown, James H and Burnside, William R and Davidson, Ana D and Fristoe, Trevor S and Hamilton, Marcus J and Mercado-Silva, Norman and Nekola, Jeffrey C and Okie, Jordan G and others},
  journal={PLoS biology},
  volume={10},
  number={6},
  pages={e1001345},
  year={2012},
  publisher={Public Library of Science San Francisco, USA}
}

@article{gotelli2013measuring,
  title={Measuring and estimating species richness, species diversity, and biotic similarity from sampling data},
  author={Gotelli, Nicholas J and Chao, Anne},
  journal={Encyclopedia of biodiversity},
  pages={195--211},
  year={2013},
  publisher={Elsevier}
}

@article{brown1989macroecology,
  title={Macroecology: the division of food and space among species on continents},
  author={Brown, James H and Maurer, Brian A},
  journal={Science},
  volume={243},
  number={4895},
  pages={1145--1150},
  year={1989},
  publisher={American Association for the Advancement of Science}
}

@article{mcgill2019and,
  title={The what, how and why of doing macroecology},
  author={McGill, Brian J},
  journal={Global Ecology and Biogeography},
  volume={28},
  number={1},
  pages={6--17},
  year={2019},
  publisher={Wiley Online Library}
}

@article{richardson2023earth,
  title={Earth beyond six of nine planetary boundaries},
  author={Richardson, Katherine and Steffen, Will and Lucht, Wolfgang and Bendtsen, J{\o}rgen and Cornell, Sarah E and Donges, Jonathan F and Dr{\"u}ke, Markus and Fetzer, Ingo and Bala, Govindasamy and Von Bloh, Werner and others},
  journal={Science advances},
  volume={9},
  number={37},
  pages={eadh2458},
  year={2023},
  publisher={American Association for the Advancement of Science}
}

@book{reader1997africa,
  title     = {Africa: A Biography of the Continent},
  author    = {Reader, John},
  year      = {1997},
  publisher = {Knopf},
  address   = {New York},
  isbn      = {9780679409793}
}

@article{editor2024unlocking,
  author       = {Editor, A. M.},
  title        = {Unlocking Africa’s Rice Sector: Sustainable Agronomic Practices for Enhanced Productivity},
  journal      = {African Researchers Magazine},
  year         = {2024},
  month        = feb,
  day          = {9},
  issn         = {2714-2787},
  url          = {https://www.africanresearchers.org/unlocking-africas-rice-sector-sustainable-agronomic-practices-for-enhanced-productivity/}
}
